@inproceedings{kiesel-etal-2022-identifying,
    title = "Identifying the Human Values behind Arguments",
    author = "Kiesel, Johannes  and
      Alshomary, Milad  and
      Handke, Nicolas  and
      Cai, Xiaoni  and
      Wachsmuth, Henning  and
      Stein, Benno",
    year = "2022",
    address = "Dublin, Ireland",
    publisher = "Association for Computational Linguistics",
    url = "https://aclanthology.org/2022.acl-long.306",
} 

@misc{vsm2020,
  author       = {James McCaffrey},
  title        = {Multi-Class Classification Using PyTorch: Defining a Network},
  year         = {2020},
  url          = {https://visualstudiomagazine.com/articles/2020/12/15/pytorch-network.aspx},
}

